@PHDTHESIS{EW05,
  author = "Elizabeth Whalen",
  title = "Creating {L}inked, {I}nteractive {V}iews to {E}xplore {M}ultivariate {D}ata",
  school = "Harvard University",  
  year = 2005,
}

@BOOK{DesignPatterns,
  author = "Erich Gamma and Richard Helm and Ralph Johnson and John Vlissides",
  title = "Design {P}atterns: Elements of {R}eusable {O}bject-{O}riented {S}oftware",
  publisher = "Addison-Wesley",
  address = "Boston",
  year = 1995,
}

@BOOK{Gtk,
  author = "Syd Logan",
  title = "Gtk+ {P}rogramming in {C}",
  publisher = "Prentice Hall",
  address = "Upper Saddle River, New Jersey",
  year = 2002,
}

@INPROCEEDINGS{GGobi,
  author = "Deborah Swayne and Andreas Buja and Duncan Temple Lang",
  title = "Exploratory {V}isual {A}nalysis of {G}raphs in {GG}obi",
  booktitle = "Proceedings of the 3rd International Workshop on Distributed Statistical Computing (DSC 2003)",
  address = "Vienna, Austria",
  year = 2003,
}

@BOOK{BioC,
  author = "Robert Gentleman and Friends",
  title = "Bioconductor book",
  publisher = "Not sure",
  address = "Not sure",
  year = 2005,
}
 